% Encoding: UTF-8

@Book{besekerskiy_1,
    author = {Бесекрерский, В.А. and Попов, Е.П.},
    title  = {Теория автоматического управления 1},
    year   = {2003},
    langid = {russian},
}

@Book{besekerskiy_2,
  author = {Бесекрерский, В.А. and Попов, Е.П.},
  title  = {Теория автоматического управления 2},
  year   = {2003},
  langid = {russian},
}

@Book{besekerskiy_3,
  author = {Бесекрерский, В.А. and Попов, Е.П.},
  title  = {Теория автоматического управления 3},
  year   = {2003},
  langid = {russian},
}

@Book{besekerskiy_4,
    author = {Бесекрерский, В.А. and Попов, Е.П.},
    title  = {Теория автоматического управления 4},
    year   = {2003},
    langid = {russian},
}

@Book{besekerskiy_5,
    author = {Бесекрерский, В.А. and Попов, Е.П.},
    title  = {Теория автоматического управления 5},
    year   = {2003},
    langid = {russian},
}

@Book{besekerskiy_6,
    author = {Бесекрерский, В.А. and Попов, Е.П.},
    title  = {Теория автоматического управления 6},
    year   = {2003},
    langid = {russian},
}

@Book{besekerskiy_7,
    author = {Бесекрерский, В.А. and Попов, Е.П.},
    title  = {Теория автоматического управления 7},
    year   = {2003},
    langid = {russian},
}

@Book{besekerskiy_8,
    author = {Бесекрерский, В.А. and Попов, Е.П.},
    title  = {Теория автоматического управления 8},
    year   = {2003},
    langid = {russian},
}

@Book{besekerskiy_9,
    author = {Бесекрерский, В.А. and Попов, Е.П.},
    title  = {Теория автоматического управления 9},
    year   = {2003},
    langid = {russian},
}

@Book{besekerskiy_10,
    author = {Бесекрерский, В.А. and Попов, Е.П.},
    title  = {Теория автоматического управления 10},
    year   = {2003},
    langid = {russian},
}

@Comment{jabref-meta: databaseType:biblatex;}
